% 6-Part Intrusion Detection Model
@ARTICLE{1702202,
author={D. E. {Denning}},
journal={IEEE Transactions on Software Engineering},
title={An Intrusion-Detection Model},
year={1987},
volume={SE-13},
number={2},
pages={222-232},
keywords={Abnormal behavior;auditing;intrusions;monitoring;profiles;security;statistical measures;Security;Real time systems;Expert systems;Environmental economics;Invasive software;Computerized monitoring;Object detection;Contracts;Joining processes;Operating systems;Abnormal behavior;auditing;intrusions;monitoring;profiles;security;statistical measures},
doi={10.1109/TSE.1987.232894},
ISSN={2326-3881},
month={Feb},}

% Intrusion Detection Data Collection
@inproceedings{spafford00,
  title={Data collection mechanisms for intrusion detection systems},
  author={Eugene H. Spafford and Diego Zamboni},
  url={https://pdfs.semanticscholar.org/f1ec/8f9f0f488db842dc6789653eb3bd1e99ba5f.pdf},
  month={June},
  institution={Purdue University},
  organization={CERIAS},
  year={2000}
}
