@techreport{starovoitov13, author={Alexei Starovoitov}, title={tracing filters with BPF},
year=2013, month={December}, type={RFC}, institution={The Linux Foundation},
url={https://lkml.org/lkml/2013/12/2/1066},
howpublished={Mailing List Request for Comments}, number={0/5}}
@inproceedings{goldstein16, author={Sasha Goldstein}, publisher={USENIX SRECon16 Europe},
title={The Next Linux Superpower: eBPF Primer}, year={2016}, month={July},
url={https://www.usenix.org/conference/srecon16europe/program/presentation/goldshtein-ebpf-primer}}
@misc{bcc19, title={iovisor/bcc}, url={https://github.com/iovisor/bcc}, journal={GitHub}, publisher={iovisor}, year={2019}, month={Oct}}

% try to find full version of this... https://www.usenix.org/conference/lisa17/training-program/session/linux-performance-monitoring-bpf
